@article{Katz07,
 author = {Katz, Sagi and Tal, Ayellet and Basri, Ronen},
 title = {Direct Visibility of Point Sets},
 journal = {ACM Trans. Graph.},
 issue_date = {July 2007},
 volume = {26},
 number = {3},
 month = jul,
 year = {2007},
 issn = {0730-0301},
 articleno = {24},
 url = {http://doi.acm.org/10.1145/1276377.1276407},
 doi = {10.1145/1276377.1276407},
 acmid = {1276407},
 publisher = {ACM},
 address = {New York, NY, USA},
 keywords = {point-based graphics, visibility, visualizing point sets},
}

@article{Katz15,
 author={S. {Katz} and A. {Tal}},
 journal={2015 IEEE International Conference on Computer Vision (ICCV)},
 title={On the Visibility of Point Clouds},
 year={2015},
 pages={1350-1358},
 doi={10.1109/ICCV.2015.159},
 ISSN={2380-7504},
 month={Dec},
}

@InProceedings{pcl,
  author    = {Radu Bogdan Rusu and Steve Cousins},
  title     = {{3D is here: Point Cloud Library (PCL)}},
  booktitle = {{IEEE International Conference on Robotics and Automation (ICRA)}},
  month     = {May 9-13},
  year      = {2011},
  address   = {Shanghai, China}
}

@article{Mehra10,
title = "Visibility of noisy point cloud data",
journal = "Computers and Graphics",
author = "Ravish Mehra and Pushkar Tripathi and Alla Sheffer and Niloy J. Mitra",
volume = "In Press, Accepted Manuscript",
number = "",
pages = " - ",
year = "2010",
note = "", 
url = "http://www.sciencedirect.com/science/article/B6TYG-4YMB660-1/2/eb083cf7f95ad4248c925f87e7348706",
}
